<?xml version = "1.0" encoding = "UTF-8"?><record>
  <leader>01494ngm a2200373za 4500</leader>
  <controlfield tag="006">m     o  c        </controlfield>
  <controlfield tag="007">vz uzazuu</controlfield>
  <controlfield tag="007">cr una---unuuu</controlfield>
  <controlfield tag="008">150908p20152007cau100        o   vlund d</controlfield>
  <controlfield tag="001">991025930244606442</controlfield>
  <datafield tag="028" ind1="5" ind2="2">
    <subfield code="a">1120119</subfield>
    <subfield code="b">Kanopy</subfield>
  </datafield>
  <datafield tag="035" ind1=" " ind2=" ">
    <subfield code="a">(OCoLC)921955872</subfield>
    <subfield code="0">(uri) http://www.worldcat.org/oclc/921955872</subfield>
  </datafield>
  <datafield tag="035" ind1=" " ind2=" ">
    <subfield code="a">(CaSfKAN)kan1120119</subfield>
  </datafield>
  <datafield tag="040" ind1=" " ind2=" ">
    <subfield code="a">VDU</subfield>
    <subfield code="b">eng</subfield>
    <subfield code="c">VDU</subfield>
  </datafield>
  <datafield tag="245" ind1="0" ind2="0">
    <subfield code="a">Love&apos;s Harvest</subfield>
  </datafield>
  <datafield tag="264" ind1=" " ind2="1">
    <subfield code="a">[San Francisco, California, USA] :</subfield>
    <subfield code="b">Kanopy Streaming,</subfield>
    <subfield code="c">2015.</subfield>
  </datafield>
  <datafield tag="300" ind1=" " ind2=" ">
    <subfield code="a">1 online resource (streaming video file)</subfield>
  </datafield>
  <datafield tag="306" ind1=" " ind2=" ">
    <subfield code="a">Duration: 100 minutes</subfield>
  </datafield>
  <datafield tag="336" ind1=" " ind2=" ">
    <subfield code="a">tdi</subfield>
    <subfield code="b">tdi</subfield>
    <subfield code="2">rdacontent</subfield>
  </datafield>
  <datafield tag="337" ind1=" " ind2=" ">
    <subfield code="b">c</subfield>
    <subfield code="2">rdamedia</subfield>
  </datafield>
  <datafield tag="338" ind1=" " ind2=" ">
    <subfield code="b">cr</subfield>
    <subfield code="b">cr</subfield>
    <subfield code="2">rdacarrier</subfield>
  </datafield>
  <datafield tag="500" ind1=" " ind2=" ">
    <subfield code="a">Title from title frames.</subfield>
  </datafield>
  <datafield tag="500" ind1=" " ind2=" ">
    <subfield code="a">In Process Record.</subfield>
  </datafield>
  <datafield tag="518" ind1=" " ind2=" ">
    <subfield code="a">Originally produced by Rebel Films in 2007.</subfield>
  </datafield>
  <datafield tag="520" ind1=" " ind2=" ">
    <subfield code="a">A series of four beautiful and intimate stories about organic farmers toiling hard for their belief in organic goodness and the life it provides. Director/writer/camera - Brian McKenzie Producer - Jen McMahon Editor - Bergan O&apos;Brien  Award Australian Directors Guild Award - Best Direction in A documentary - 2007</subfield>
  </datafield>
  <datafield tag="538" ind1=" " ind2=" ">
    <subfield code="a">Mode of access: World Wide Web.</subfield>
  </datafield>
  <datafield tag="546" ind1=" " ind2=" ">
    <subfield code="a">In English</subfield>
  </datafield>
  <datafield tag="653" ind1=" " ind2=" ">
    <subfield code="a">Australian and Indigenous Studies</subfield>
  </datafield>
  <datafield tag="653" ind1=" " ind2=" ">
    <subfield code="a">Environmental Sciences</subfield>
  </datafield>
  <datafield tag="700" ind1="1" ind2=" ">
    <subfield code="a">McKenzie, Brian,</subfield>
    <subfield code="e">filmmaker</subfield>
  </datafield>
  <datafield tag="710" ind1="2" ind2=" ">
    <subfield code="a">Kanopy (Firm)</subfield>
  </datafield>
  <datafield tag="856" ind1="4" ind2="0">
    <subfield code="u">https://bielefeld.kanopy.com/node/120120</subfield>
    <subfield code="z">A Kanopy streaming video</subfield>
  </datafield>
  <datafield tag="856" ind1="4" ind2="2">
    <subfield code="z">Cover Image</subfield>
    <subfield code="u">https://www.kanopy.com/node/120120/external-image</subfield>
  </datafield>
  <datafield tag="980" ind1="1" ind2=" ">
    <subfield code="a">ZDB-177-KAN</subfield>
  </datafield>
  <datafield tag="MBD" ind1=" " ind2=" ">
    <subfield code="M">49HBZ_BIE</subfield>
    <subfield code="i">991025930244606442</subfield>
    <subfield code="n">Universit&#228;t Bielefeld</subfield>
  </datafield>
  <datafield tag="MNG" ind1=" " ind2=" ">
    <subfield code="c">System</subfield>
    <subfield code="f">OTHER</subfield>
    <subfield code="i">marc21</subfield>
    <subfield code="k">01</subfield>
    <subfield code="e">false</subfield>
    <subfield code="d">2022-06-07 18:14:53 Europe/Berlin</subfield>
    <subfield code="g">kan1120119</subfield>
    <subfield code="j">00</subfield>
    <subfield code="a">System</subfield>
    <subfield code="b">2022-06-07 18:14:55 Europe/Berlin</subfield>
  </datafield>
  <datafield tag="POR" ind1=" " ind2=" ">
    <subfield code="x">System</subfield>
    <subfield code="a">53344020730006442</subfield>
    <subfield code="M">49HBZ_BIE</subfield>
    <subfield code="p">61334816600006442</subfield>
    <subfield code="q">Kanopy</subfield>
    <subfield code="c">static</subfield>
    <subfield code="B">17.131 Titel</subfield>
    <subfield code="l">A Kanopy streaming video</subfield>
    <subfield code="y">2022-06-07 18:15:10 Europe/Berlin</subfield>
    <subfield code="w">2022-06-07 18:15:04 Europe/Berlin</subfield>
    <subfield code="D">https://eu04.alma.exlibrisgroup.com/view/uresolver/49HBZ_NETWORK/openurl?u.ignore_date_coverage=true&amp;portfolio_pid=53344020730006442&amp;Force_direct=true</subfield>
    <subfield code="v">System</subfield>
    <subfield code="z">2022-06-07 16:15:04</subfield>
    <subfield code="i">false</subfield>
    <subfield code="g">UB_BI</subfield>
    <subfield code="t">BIE-8465</subfield>
    <subfield code="S">62343002520006442</subfield>
    <subfield code="d">https://hbz-network.userservices.exlibrisgroup.com/view/uresolver/49HBZ_NETWORK/openurl?u.ignore_date_coverage=true&amp;rft.mms_id=991025930244606442</subfield>
    <subfield code="b">Available</subfield>
    <subfield code="f">VIDEO</subfield>
    <subfield code="e">https://bielefeld.kanopy.com/node/120120</subfield>
    <subfield code="8">53344020730006442</subfield>
  </datafield>
</record>